@online{SHORE,
  author = {Fraunhofer-Institut für Integrierte Schaltungen},
  title = {Mit der Bildanalysesoftware SHORE® zur erfolgreichen Erkennung und Auswertung von Gesichtern},
  url = {https://www.iis.fraunhofer.de/de/ff/sse/ils/tech/shore-facedetection.html},
  year = {2019},
  urldate = {2019-06-21}
}

@book{Goodfellow-et-al-2016,
    title={Deep Learning},
    author={Ian Goodfellow and Yoshua Bengio and Aaron Courville},
    year={2016},
    publisher={MIT Press},
    note={\url{http://www.deeplearningbook.org}}
}
@book{Ekman1997,
    title={What the face reveals: Basic and applied studies of spontaneous expression using the Facial Action Coding System (FACS)},
    author={Ekman, Paul and Rosenberg, Erika L.},
    year={1997},
    publisher={Oxford University Press Inc.}
}

@book{Ekman1997FaceReveals,
  title={What the face reveals: Basic and applied studies of spontaneous expression using the Facial Action Coding System (FACS)},
  author={  Ekman, Paul, & Rosenberg, Erika L. },
  year={1997},
  publisher={Oxford University Press Inc.}
}
    
@article{LeCun2015DeepLearning,
  title={Deep learning},
  author={LeCun, Yann and Bengio, Yoshua and Hinton, Geoffrey},
  journaltitle={Nature},
  volume={521},
  pages={436 EP -},
  year={2015},
}

@article{Consoli2010Marketing,
  title={A new concept of marketing: the emotional marketing},
  author={Consoli, Domenico},
  journaltitle={BRAND. Broad Research in Accounting, Negotiation, and Distribution},
  volume={1},
  number={1},
  pages={52-59},
  year={2010},
}
@Article{Alhussein2016Healthcare,
author="Alhussein, Musaed",
title="Automatic facial emotion recognition using weber local descriptor for e-Healthcare system",
journal="Cluster Computing",
year="2016",
month="Mar",
day="01",
volume="19",
number="1",
pages="99--108",
abstract="For an e-Healthcare system, detecting the emotion of a patient is vital for initial assessment of the patient. This paper proposes an emotion recognition system from face using for an e-Healthcare system. For features, Weber local descriptors (WLD) are utilized. In the proposed system, a static facial image is subdivided into many blocks. A multi-scale WLD is applied to each of the blocks to obtain a WLD histogram for the image. The significant bins of the histogram are found by using Fisher discrimination ratio. These bin values represent the descriptors of the face. The face descriptors are then input to a support vector machine based classifier to recognition the emotion. Two publicly available databases are used in the experiments. Experimental results demonstrate that the proposed WLD based system achieves a very high recognition rate, where the highest recognition accuracy reaches up to 99.28 {\%} in case of Cohn--Kanade database.",
issn="1573-7543",
doi="10.1007/s10586-016-0535-3",
url="https://doi.org/10.1007/s10586-016-0535-3"
}

@Article{Rani2006HumanMachineInteraction,
author="Rani, Pramila
and Liu, Changchun
and Sarkar, Nilanjan
and Vanman, Eric",
title="An empirical study of machine learning techniques for affect recognition in human--robot interaction",
journal="Pattern Analysis and Applications",
year="2006",
month="May",
day="01",
volume="9",
number="1",
pages="58--69",
abstract="Given the importance of implicit communication in human interactions, it would be valuable to have this capability in robotic systems wherein a robot can detect the motivations and emotions of the person it is working with. Recognizing affective states from physiological cues is an effective way of implementing implicit human--robot interaction. Several machine learning techniques have been successfully employed in affect-recognition to predict the affective state of an individual given a set of physiological features. However, a systematic comparison of the strengths and weaknesses of these methods has not yet been done. In this paper, we present a comparative study of four machine learning methods---K-Nearest Neighbor, Regression Tree (RT), Bayesian Network and Support Vector Machine (SVM) as applied to the domain of affect recognition using physiological signals. The results showed that SVM gave the best classification accuracy even though all the methods performed competitively. RT gave the next best classification accuracy and was the most space and time efficient.",
issn="1433-755X",
doi="10.1007/s10044-006-0025-y",
url="https://doi.org/10.1007/s10044-006-0025-y"
}

@Inbook{Kolakowska2014EmotionRecognitionAndApplications,
author="Ko{\l}akowska, A.
and Landowska, A.
and Szwoch, M.
and Szwoch, W.
and Wr{\'o}bel, M. R.",
editor="Hippe, Zdzis{\l}aw S.
and Kulikowski, Juliusz L.
and Mroczek, Teresa
and Wtorek, Jerzy",
title="Emotion Recognition and Its Applications",
bookTitle="Human-Computer Systems Interaction: Backgrounds and Applications 3",
year="2014",
publisher="Springer International Publishing",
address="Cham",
pages="51--62",
abstract="This paper aims at illustrating diversity of possible emotion recognition applications. It provides concise review of affect recognition methods based on different inputs such as biometrics, video channel or behavioral data. It proposes a set of research scenarios of emotion recognition applications in the following domains: software engineering, website customization, education, and gaming. The scenarios show complexity and problems of applying affective computing in different domains. Analysis of the scenarios allows drawing some conclusions on challenges of automatic recognition that have to be addressed by further research.",
isbn="978-3-319-08491-6",
doi="10.1007/978-3-319-08491-6_5",
url="https://doi.org/10.1007/978-3-319-08491-6_5"
}



@Inbook{Ruf2011,
author="Ruf, Tobias
and Ernst, Andreas
and K{\"u}blbeck, Christian",
editor="Heuberger, Albert
and Elst, G{\"u}nter
and Hanke, Randolf",
title="Face Detection with the Sophisticated High-speed Object Recognition Engine (SHORE)",
bookTitle="Microelectronic Systems: Circuits, Systems and Applications",
year="2011",
publisher="Springer Berlin Heidelberg",
address="Berlin, Heidelberg",
pages="243--252",
abstract="An approach enabling the detection, tracking and fine analysis (e.g. gender and facial expression classification) of faces using a single web camera is described. One focus of the contribution lies in the description of the concept of a framework (the so-called Sophisticated High-speed Object Recognition Engine -- SHORE), designed in order to create a flexible environment for varying detection tasks. The functionality and the setup of the framework are described, and a coarse overview about the algorithms used for the classification tasks will be given. Benchmark results have been obtained on both, standard and publicly available face data sets. Even though the framework has been designed for general object recognition tasks, the focus of this contribution lies in the field of face detection and facial analysis. In addition a demonstration application based on the described framework is given to show analysis of still images, movies or video streams.",
isbn="978-3-642-23071-4",
doi="10.1007/978-3-642-23071-4_23",
url="https://doi.org/10.1007/978-3-642-23071-4_23"
}

@Article{Brand2012AutomatischeEmotionserkennung,
author="Brand, Marcel
and Klompmaker, Florian
and Schleining, Peter
and Wei{\ss}, Fabian",
title="Automatische Emotionserkennung -- Technologien, Deutung und Anwendungen",
journal="Informatik-Spektrum",
year="2012",
month="Dec",
day="01",
volume="35",
number="6",
pages="424--432",
abstract="Menschen kommunizieren nicht nur durch Sprache miteinander, sondern geben unbewusst auch eine Menge Informationen durch Emotionen preis. Da die herk{\"o}mmliche Kommunikation zwischen Mensch und Computer oft nicht sehr intuitiv ist, soll sie durch die Entwicklungen im Forschungsbereich Affective Computing verbessert werden. Hierf{\"u}r muss der Computer in der Lage sein, die Gef{\"u}hle seines Gegen{\"u}bers richtig zu deuten.",
issn="1432-122X",
doi="10.1007/s00287-012-0618-3",
url="https://doi.org/10.1007/s00287-012-0618-3"
}




@INPROCEEDINGS{Lyons1998CodingFacialExpressionsWithGaborWavelets, 
  author={M. {Lyons} and S. {Akamatsu} and M. {Kamachi} and J. {Gyoba}}, 
  booktitle={Proceedings Third IEEE International Conference on Automatic Face and Gesture Recognition}, 
  title={Coding facial expressions with Gabor wavelets}, 
  year={1998}, 
  pages={200-205}, 
  doi={10.1109/AFGR.1998.670949}, 
  month={April},
}
@article{Fasel2002AutomaticFacialExpressionsAnalysis,
  title={Automatic Facial Expression Analysis: A survey},
  author={Fasel, Beate and Lüttin, Jürgen},
  journaltitle={Pattern Recognition},
  volume={36},
  pages={259-275},
  year={2002},
}
  

@article{Ko2018FacialEmotionRecognition,
  author={Ko, Byoung Chul},
  title={A Brief Review of Facial Emotion Recognition Based on Visual Information},
  journaltitle={Sensors},
  volume={18},
  number={2},
  pages={401},
  year={2018},
}

@article{Hjelmas2001FaceDetection,
title = "Face Detection: A Survey",
journal = "Computer Vision and Image Understanding",
volume = "83",
number = "3",
pages = "236 - 274",
year = "2001",
issn = "1077-3142",
doi = "https://doi.org/10.1006/cviu.2001.0921",
url = "http://www.sciencedirect.com/science/article/pii/S107731420190921X",
author = "Erik Hjelmås and Boon Kee Low",
}

@article{Shishir2008RecognitionofFacialExpression,
title = "Recognition of facial expressions using Gabor wavelets and learning vector quantization",
journal = "Engineering Applications of Artificial Intelligence",
volume = "21",
number = "7",
pages = "1056 - 1064",
year = "2008",
issn = "0952-1976",
doi = "https://doi.org/10.1016/j.engappai.2007.11.010",
url = "http://www.sciencedirect.com/science/article/pii/S0952197607001492",
author = "Shishir Bashyal and Ganesh K. Venayagamoorthy",
}

@article{MoatazElAyadi2011SpeechEmotionRecognition,
title = "Survey on speech emotion recognition: Features, classification schemes, and databases",
journal = "Pattern Recognition",
volume = "44",
number = "3",
pages = "572 - 587",
year = "2011",
issn = "0031-3203",
doi = "https://doi.org/10.1016/j.patcog.2010.09.020",
url = "http://www.sciencedirect.com/science/article/pii/S0031320310004619",
author = "Moataz El Ayadi and Mohamed S. Kamel and Fakhri Karray",
}

@INPROCEEDINGS{Lucey2010CK+, 
author={P. {Lucey} and J. F. {Cohn} and T. {Kanade} and J. {Saragih} and Z. {Ambadar} and I. {Matthews}}, 
booktitle={2010 IEEE Computer Society Conference on Computer Vision and Pattern Recognition - Workshops}, 
title={The Extended Cohn-Kanade Dataset (CK+): A complete dataset for action unit and emotion-specified expression}, 
year={2010}, 
volume={}, 
number={}, 
pages={94-101}, 
keywords={emotion recognition;face recognition;image classification;support vector machines;extended Cohn-Kanade dataset;action unit;emotion-specified expression;facial expression detection;CK database;emotion detection;active appearance models;linear support vector machine;SVM classifier;leave-one-out subject cross-validation;Databases;Gold;Active appearance model;Support vector machines;Support vector machine classification;Face detection;Testing;Performance evaluation;Measurement;Code standards}, 
doi={10.1109/CVPRW.2010.5543262}, 
ISSN={2160-7508}, 
month={June},
}


@ARTICLE{Essa1997CodingAnalysis, 
author={I. A. {Essa} and A. P. {Pentland}}, 
journal={IEEE Transactions on Pattern Analysis and Machine Intelligence}, 
title={Coding, analysis, interpretation, and recognition of facial expressions}, 
year={1997}, 
volume={19}, 
number={7}, 
pages={757-763}, 
keywords={face recognition;image coding;motion estimation;image sequences;image coding;image analysis;image interpretation;facial expression recognition;computer vision system;facial motion;optimal estimation optical flow method;facial structure;independent muscle action groups;facial action coding system;FACS;FACS+;probabilistic characterization;muscle activation;Face recognition;Computer vision;Motion estimation;Muscles;Humans;Geometrical optics;Nonlinear optics;Image motion analysis;Optical coupling;Solid modeling}, 
doi={10.1109/34.598232}, 
ISSN={0162-8828}, 
month={July},}

@book{Shildt2010,
  title={C\# 2.0 : Complete Reference}},
  author={Shildt, Herbert},
  year={2010},
  publisher={Tata McGraw-Hill Education},
    note={\url{http://kavediasir.yolasite.com/resources/7248239-Herbert-Schildt-C-210-Complete-Reference-Ed.pdf}}
}

@online{DotNet,
  author={Landwerth, Immo},
  title={Introducing .NET Standard},
  year={2016},
  url={https://devblogs.microsoft.com/dotnet/introducing-net-standard/},
  urldate={2019-06-20}
}

@book{Kühnel,
  title={Visual C\# 2010 : Das umfassende Handbuch},
  author={ Kühnel, Andreas},
  year={2010},
  publisher={Galileo Computing}
  }

@book{IasGoodefellow,
  title={Challenges in representation
learning: A report on three
machine learning contests},
  author={Ian Goodfellow},
  year={2013},
}
@online{LeweOhlsenGit,
  author = {Lewe Ohlsen},
  title = {facial-expression-recognition},
  year = 2018,
  url = {https://github.com/leweohlsen/facial-expression-recognition},
  urldate = {2019-06-23}
}
@article{RamakrishnanPandeyKarmakarSaha,
 title={Improving Facial Emotion Recognition Systems
Using Gradient and Laplacian Images},
  author={Ram Krishna Pandey, Souvik Karmakar, Angarai Ganesan Ramakrishnan, N Saha},
 year={2019}
}
@article{LeweOhlsen,
  title={Facial Expression Recognition with Convolutional Neural Networks},
  author={Lewe Ohlsen},
  year={2018},
  publisher={Fachhochschule Wedel}
}


