@book{IasGoodefellow,
  title={Challenges in representation
learning: A report on three
machine learning contests},
  author={Goodfellow, Ian},
  year={2013},
}
@online{LeweOhlsenGit,
  author = {Ohlsen, Lewe},
  title = {facial-expression-recognition},
  year = 2018,
  url = {{https://github.com/leweohlsen/facial-expression-recognition}},
  urldate = {2019-06-23}
}
@article{RamakrishnanPandeyKarmakarSaha,
 title={Improving Facial Emotion Recognition Systems
Using Gradient and Laplacian Images},
  author={Ram Krishna Pandey and Souvik Karmakar and Angarai Ganesan Ramakrishnan and N Saha},
 year={2019}
}
@article{LeweOhlsen,
  title={Facial Expression Recognition with Convolutional Neural Networks},
  author={Ohlsen, Lewe},
  year={2018},
  publisher={Fachhochschule Wedel}
}

